% Encoding: UTF-8

@Online{Coimbra,
  author = {Everton Coimbra},
  title  = {Introdução à linguagem C Sharp},
  url    = {https://www.devmedia.com.br/introducao-a-linguagem-c/27711},
}

@Online{wikipediaMXNA,
  author = {Wikipedia},
  editor = {wikipediaMXNA},
  title  = {Microsoft XNA},
  url    = {https://pt.wikipedia.org/wiki/Microsoft_XNA},
}